<record><leader>00000cas a22000007a 4500</leader><controlfield tag="001">19505884</controlfield><controlfield tag="008">890407u1883uuuugauwr ne      0    0eng d</controlfield><datafield ind1=" " ind2=" " tag="010"><subfield code="a">sn 89053254 </subfield></datafield><datafield ind1=" " ind2=" " tag="040"><subfield code="a">NLG</subfield><subfield code="b">eng</subfield><subfield code="c">NLG</subfield><subfield code="d">GUA</subfield><subfield code="d">OCLCQ</subfield><subfield code="d">OCLCF</subfield><subfield code="d">OCLCO</subfield></datafield><datafield ind1="1" ind2=" " tag="029"><subfield code="a">AU@</subfield><subfield code="b">000025901812</subfield></datafield><datafield ind1=" " ind2=" " tag="042"><subfield code="a">msc</subfield></datafield><datafield ind1=" " ind2=" " tag="043"><subfield code="a">n-us-ga</subfield></datafield><datafield ind1="0" ind2="4" tag="245"><subfield code="a">The Dahlonega signal.</subfield></datafield><datafield ind1=" " ind2=" " tag="260"><subfield code="a">Dahlonega, Ga. :</subfield><subfield code="b">W.F. Lawrence,</subfield><subfield code="c">[1883]-</subfield></datafield><datafield ind1=" " ind2=" " tag="300"><subfield code="a">v.</subfield></datafield><datafield ind1=" " ind2=" " tag="310"><subfield code="a">Weekly</subfield></datafield><datafield ind1="0" ind2=" " tag="362"><subfield code="a">Vol. 42, no. 14 (Jan. 26, 1883)-</subfield></datafield><datafield ind1=" " ind2="0" tag="651"><subfield code="a">Dahlonega (Ga.)</subfield><subfield code="v">Newspapers.</subfield></datafield><datafield ind1=" " ind2="0" tag="651"><subfield code="a">Lumpkin County (Ga.)</subfield><subfield code="v">Newspapers.</subfield></datafield><datafield ind1=" " ind2="7" tag="655"><subfield code="a">Newspapers.</subfield><subfield code="2">fast</subfield><subfield code="0">(OCoLC)fst01423814</subfield></datafield><datafield ind1=" " ind2="7" tag="651"><subfield code="a">Georgia</subfield><subfield code="z">Dahlonega.</subfield><subfield code="2">fast</subfield><subfield code="0">(OCoLC)fst01222082</subfield></datafield><datafield ind1=" " ind2="7" tag="651"><subfield code="a">Georgia</subfield><subfield code="z">Lumpkin County.</subfield><subfield code="2">fast</subfield><subfield code="0">(OCoLC)fst01207616</subfield></datafield><datafield ind1=" " ind2=" " tag="752"><subfield code="a">United States</subfield><subfield code="b">Georgia</subfield><subfield code="c">Lumpkin</subfield><subfield code="d">Dahlonega.</subfield></datafield><datafield ind1="0" ind2=" " tag="775"><subfield code="t">Daily signal (Dahlonega, Ga.)</subfield><subfield code="w">(DLC)sn 89053255</subfield><subfield code="w">(OCoLC)19505920</subfield></datafield><datafield ind1="0" ind2="0" tag="780"><subfield code="t">Mountain signal (Dahlonega, Ga. : 1877)</subfield><subfield code="w">(DLC)sn 89053253</subfield><subfield code="w">(OCoLC)19506310</subfield></datafield></record>